  @misc{enwiki:1158363831,
    author = "{Wikipedia contributors}",
    title = "Woodbury matrix identity --- {Wikipedia}{,} The Free Encyclopedia",
    year = "2023",
    url = "https://en.wikipedia.org/w/index.php?title=Woodbury_matrix_identity&oldid=1158363831",
    note = "[Online; accessed 16-July-2023]" }

  @misc{enwiki:1158373968,
    author = "{Wikipedia contributors}",
    title = "Definite matrix --- {Wikipedia}{,} The Free Encyclopedia",
    year = "2023",
    url = "https://en.wikipedia.org/w/index.php?title=Definite_matrix&oldid=1158373968",
    note = "[Online; accessed 16-July-2023]" }